@misc{ProPublica,
  title = {{ProPublica} The Mission},
  howpublished = {\url{https://www.propublica.org/about/}},
  note = {Accessed: 2019-04-17}
}

@misc{USCIS,
  title = {{USCIS} Find a doctor},
  howpublished = {\url{https://my.uscis.gov/findadoctor}},
  note = {Accessed: 2019-04-17}
}

@misc{Docker,
  title = {{Docker} Docker Home Page},
  howpublished = {\url{https://www.docker.com}},
  note = {Accessed: 2019-04-17}
}

@misc{RSelenium,
  title = {{RSelenium} R Bindings for Selenium 2.0 Remote WebDriver},
  howpublished = {\url{http://ropensci.github.io/RSelenium/}},
  note = {Accessed: 2019-04-17}
}

@misc{rvest,
  title = {{rvest} Easily Harvest},
  howpublished = {\url{http://rvest.tidyverse.org}},
  note = {Accessed: 2019-04-17}
}

@misc{dplyr,
  title = {{dplyr} A Grammar of Data Manipulation},
  howpublished = {\url{https://dplyr.tidyverse.org}},
  note = {Accessed: 2019-04-17}
}

@misc{tidyverse,
  title = {{tidyverse} Tidyverse},
  howpublished = {\url{https://www.tidyverse.org}},
  note = {Accessed: 2019-04-17}
}
